<?xml version="1.0" encoding="UTF-8"?><collection xmlns="http://www.loc.gov/MARC21/slim"><record><leader>00654nam--2200181-i-4500</leader><controlfield tag="001">000041686</controlfield><controlfield tag="002">20161230</controlfield><controlfield tag="005">20161230201043</controlfield><controlfield tag="008">060222s1000------------r-----000-0-rum-d</controlfield><datafield ind1=" " ind2=" " tag="040"><subfield code="a">IFIN-HH</subfield></datafield><datafield ind1=" " ind2=" " tag="041"><subfield code="a">rum</subfield></datafield><datafield ind1=" " ind2=" " tag="080"><subfield code="a">531.226(061.3)</subfield></datafield><datafield ind1="1" ind2=" " tag="110"><subfield code="a">Consiliul National pentru Stiinta si Tehnologie</subfield></datafield><datafield ind1="1" ind2="0" tag="245"><subfield code="a">Al ii-lea simpozion national de tensometrie cu participare internationala 11-14 iunie 1980 cluj-napoca</subfield><subfield code="b">Comunicari: a.metode noi de analiza experimentala si de interpretare a rezultatelor. traductoare, aparatura</subfield></datafield><datafield ind1=" " ind2=" " tag="260"><subfield code="a">Cluj-napoca, Inst.Politehnic, 1980</subfield></datafield><datafield ind1=" " ind2=" " tag="300"><subfield code="a">467 P</subfield></datafield><datafield ind1=" " ind2=" " tag="852"><subfield code="a">48311</subfield><subfield code="c">531</subfield></datafield><datafield ind1=" " ind2=" " tag="CAT"><subfield code="a">Sys</subfield><subfield code="c">20100630</subfield><subfield code="h">111226</subfield></datafield></record></collection>